<record xmlns="http://www.openarchives.org/OAI/2.0/" xmlns:xsi="http://www.w3.org/2001/XMLSchema-instance"><header><identifier>oai:alma.34CSIC_INST:990012316500204201</identifier><datestamp>2020-02-06T08:41:03Z</datestamp><setSpec>manuscripta</setSpec></header><metadata><record xmlns="http://www.loc.gov/MARC21/slim" xmlns:xsi="http://www.w3.org/2001/XMLSchema-instance" xsi:schemaLocation="http://www.loc.gov/MARC21/slim http://www.loc.gov/standards/marcxml/schema/MARC21slim.xsd"><leader>05256ntm a2200565 i 4500</leader><controlfield tag="005">20181031100352.0</controlfield><controlfield tag="008">100504q1uuu    xx            000 0 ara d</controlfield><controlfield tag="001">990012316500204201</controlfield><datafield tag="035" ind1=" " ind2=" "><subfield code="a">CSIC001231650</subfield></datafield><datafield tag="035" ind1=" " ind2=" "><subfield code="a">(ES-MaCSI)001231650MAD01-Aleph</subfield></datafield><datafield tag="035" ind1=" " ind2=" "><subfield code="a">(OCoLC)1124066139
</subfield></datafield><datafield tag="040" ind1=" " ind2=" "><subfield code="a">ES-MaCSI</subfield><subfield code="b">spa</subfield></datafield><datafield tag="080" ind1=" " ind2=" "><subfield code="a">091(=411.21)</subfield></datafield><datafield tag="080" ind1=" " ind2=" "><subfield code="a">348.9:28</subfield></datafield><datafield tag="100" ind1="1" ind2=" "><subfield code="a">الاجهوري، ناصر اللقاني والزرقاني</subfield></datafield><datafield tag="245" ind1="1" ind2="0"><subfield code="a">[Comentarios de al-Mujtaṣar de Jalīl b. Ishāq]</subfield><subfield code="h">[Manuscrito]</subfield></datafield><datafield tag="260" ind1=" " ind2=" "><subfield code="a">[S.l.],</subfield><subfield code="c">[s.a.].</subfield></datafield><datafield tag="300" ind1=" " ind2=" "><subfield code="a">285 ff. (1 col. 36 líneas por pág.) :</subfield><subfield code="b">Papel tratado ;</subfield><subfield code="c">28,4x19 cm. (caja: 22,2x14 cm.).</subfield></datafield><datafield tag="490" ind1="0" ind2=" "><subfield code="a">Manuscripta</subfield></datafield><datafield tag="500" ind1=" " ind2=" "><subfield code="a">Incipit: [بسملة وتصلية] قال الشيخ الامام العالم العلامة ناصر اللقانى سيد الخامة والعامة رحمه الله وادام</subfield></datafield><datafield tag="500" ind1=" " ind2=" "><subfield code="a">Explicit: قوله وفي خمسة اوسق فاكثر وان بارض خراجية الف وستماية رطل والرطل ماية وثمانية وعشرون درهما مكيا كل درهم خمسون وخمسا حبة من مطلق الشعير.ش</subfield></datafield><datafield tag="500" ind1=" " ind2=" "><subfield code="a">Tinta negra y roja.</subfield></datafield><datafield tag="500" ind1=" " ind2=" "><subfield code="a">Copista: Varios copista desconocido.</subfield></datafield><datafield tag="500" ind1=" " ind2=" "><subfield code="a">Colofón, características especiales, ilustración, ilustraciones: No.</subfield></datafield><datafield tag="500" ind1=" " ind2=" "><subfield code="a">Tipo de cuaderno: Cuadernos de 6 bifolios.</subfield></datafield><datafield tag="500" ind1=" " ind2=" "><subfield code="a">Deterioros generales: Encuadernación de piel marrón separada del volumen y muy deteriorada, con numerosas galerías por insectos. En el interior, manchas de humedad, gran parte de los folios sueltos, dañados y mutilados. El papel de las hojas del centro del volumen está deshecho.</subfield></datafield><datafield tag="500" ind1=" " ind2=" "><subfield code="a">H. en blanco: No.</subfield></datafield><datafield tag="500" ind1=" " ind2=" "><subfield code="a">H. dañadas, mutiladas, sueltas: Dañadas: todas. Mutiladas: 148-159 y 183-274. Sueltas: todo el volumen separado de la encuadernación y muchos folios sueltos.</subfield></datafield><datafield tag="500" ind1=" " ind2=" "><subfield code="a">H. faltan o añadidas: Obra ápoda.</subfield></datafield><datafield tag="500" ind1=" " ind2=" "><subfield code="a">Foliación: Sin foliación original. Se ha foliado a lápiz en el margen superior izquierdo del recto, excepto del f. 148 al 159 y del f. 183 al 274, por estar demasiado deteriorado.</subfield></datafield><datafield tag="500" ind1=" " ind2=" "><subfield code="a">Reclamos: En el verso de todos los folios.</subfield></datafield><datafield tag="500" ind1=" " ind2=" "><subfield code="a">Signatura de cuaderno: No.</subfield></datafield><datafield tag="500" ind1=" " ind2=" "><subfield code="a">Pautado: A punta seca. Distancia interlineal muy variable: 0,6-0,9 cm.</subfield></datafield><datafield tag="500" ind1=" " ind2=" "><subfield code="a">Filigrana: No se aprecia por el deterioro.</subfield></datafield><datafield tag="500" ind1=" " ind2=" "><subfield code="a">Signatura antigua: AEEA, caja 28.</subfield></datafield><datafield tag="500" ind1=" " ind2=" "><subfield code="a">Anotaciones: Numerosas notas marginales. Anotaciones, ensayos de caligrafía en el interior de las tapas de la encuadernación. Tapa delantera: a lápiz “comentario de un libro de fiqh incompleto”. ff. 52v y 284v: sello azul de la escuela de estudios árabes.</subfield></datafield><datafield tag="510" ind1="3" ind2=" "><subfield code="a">Descripción: No.</subfield></datafield><datafield tag="510" ind1="4" ind2=" "><subfield code="a">Bibliografía: No.</subfield></datafield><datafield tag="520" ind1=" " ind2=" "><subfield code="a">Compendio de fiqh , con los comentarios de al-Muhtaṣar de Jalīl b. Isḥāq, de ʽA. al-Ughūrī (Mawāhib al-galīl), Nāsiraddīn al-Laqānī y A. b. M. az-Zurqānī (GAL, S. II, 436).</subfield></datafield><datafield tag="530" ind1=" " ind2=" "><subfield code="a">Digitalización parcial.</subfield></datafield><datafield tag="541" ind1=" " ind2=" "><subfield code="a">Procedencia: Donativo del ministro Beigbeder.</subfield><subfield code="d">Ingreso: 02/03/1940.</subfield></datafield><datafield tag="546" ind1=" " ind2=" "><subfield code="a">Árabe</subfield><subfield code="b">con escritura Magrebí</subfield></datafield><datafield tag="563" ind1=" " ind2=" "><subfield code="a">Encuadernado en cartera de piel marrón con decoración geométrica rectangular y medallón central, estamapada en seco.</subfield></datafield><datafield tag="595" ind1=" " ind2=" "><subfield code="a">No.</subfield></datafield><datafield tag="650" ind1=" " ind2="7"><subfield code="a">Derecho islámico.</subfield><subfield code="2">CSICAU</subfield></datafield><datafield tag="650" ind1=" " ind2="7"><subfield code="a">Manuscritos árabes.</subfield><subfield code="2">CSICAU</subfield></datafield><datafield tag="700" ind1="1" ind2=" "><subfield code="a">Al-Uŷhūrī, Nāṣir al-Laqānī y al-Zurqānī</subfield></datafield><datafield tag="830" ind1=" " ind2="0"><subfield code="a">Manuscripta</subfield></datafield><datafield tag="856" ind1="4" ind2="1"><subfield code="u">http://aleph.csic.es/imagenes/mad01/0006_PMSC/P_001231650_658935_V00.pdf</subfield><subfield code="z">Descargar Pdf completo (60M)</subfield><subfield code="m">CSIC</subfield></datafield><datafield tag="856" ind1="4" ind2="1"><subfield code="u">http://simurg.bibliotecas.csic.es/viewer/image/CSIC001231650/1/</subfield><subfield code="z">Ver texto completo en SIMURG, el portal de fondos digitalizados del CSIC</subfield><subfield code="m">CSIC</subfield></datafield><datafield tag="856" ind1="4" ind2="1"><subfield code="u">http://aleph.csic.es/imagenes/mad01/0006_PMSC/html/001231650.html</subfield><subfield code="z">Ver texto completo en Bookreader</subfield></datafield></record></metadata></record>